@online{biblatex,
  title = {Biblatex – Sophisticated Bibliographies in LaTeX},
  publisher = {Dansk Standard},
  year = {2018},
  author = {Philipp Lehman AND Joseph Wright AND Audrey Boruvka AND Philip Kime},
  url = {https://www.ctan.org/pkg/biblatex}
}

@misc{shi2015convolutional,
      title={Convolutional LSTM Network: A Machine Learning Approach for Precipitation Nowcasting}, 
      author={Xingjian Shi and Zhourong Chen and Hao Wang and Dit-Yan Yeung and Wai-kin Wong and Wang-chun Woo},
      year={2015},
      eprint={1506.04214},
      archivePrefix={arXiv},
      primaryClass={cs.CV}
}

@online{vedurstofaharmonie,
    title = {HARMONIE - numerical weather prediction model},
    author = {Veðurstofa Íslands},
    url = {https://en.vedur.is/weather/articles/nr/3232}
}

@article{ThorndahlRadar,
author = {Thorndahl, Søren and Einfalt, Thomas and Willems, Patrick and Nielsen, Jesper and Ten Veldhuis, Marie-Claire and Arnbjerg-Nielsen, Karsten and Rasmussen, Michael and Molnar, Peter},
year = {2017},
month = {03},
pages = {1359-1380},
title = {Weather radar rainfall data in urban hydrology},
volume = {21},
journal = {Hydrology and Earth System Sciences},
doi = {10.5194/hess-21-1359-2017}
}

@phdthesis{jonasphd,
title = "Using numerical weather prediction and in-sewer sensor data for realtime monitoring and forecasting in urban drainage-wastewater systems",
author = "Pedersen, {Jonas Wied}",
year = "2021",
language = "English",
publisher = "Technical University of Denmark",
}

@INPROCEEDINGS{ZRrelationship,
  author={Marzuki and Hashiguchi, H. and Vonnisa, M. and Harmadi and Muzirwan and Nugroho, Sugeng and Yoseva, Meri},
  booktitle={2018 Progress in Electromagnetics Research Symposium (PIERS-Toyama)}, 
  title={Z-R Relationships for Weather Radar in Indonesia from the Particle Size and Velocity (Parsivel) Optical Disdrometer}, 
  year={2018},
  volume={},
  number={},
  pages={37-41},
  doi={10.23919/PIERS.2018.8597693}}